<?xml version="1.0" encoding="UTF-8"?><record xmlns="http://www.loc.gov/MARC21/slim" xmlns:cinclude="http://apache.org/cocoon/include/1.0" xmlns:zs="http://www.loc.gov/zing/srw/">
  <leader>00496nz  a2200145n  4500</leader>
  <controlfield tag="001">no2003006366</controlfield>
  <controlfield tag="003">DLC</controlfield>
  <controlfield tag="005">20030123052444.0</controlfield>
  <controlfield tag="008">030122n| acannaabn          |a aaa     c</controlfield>
  <datafield tag="010" ind1=" " ind2=" ">
    <subfield code="a">no2003006366</subfield>
  </datafield>
  <datafield tag="035" ind1=" " ind2=" ">
    <subfield code="a">(OCoLC)oca05955119</subfield>
  </datafield>
  <datafield tag="040" ind1=" " ind2=" ">
    <subfield code="a">PPiU</subfield>
    <subfield code="b">eng</subfield>
    <subfield code="c">PPiU</subfield>
  </datafield>
  <datafield tag="100" ind1="1" ind2=" ">
    <subfield code="a">Gusarov, I︠U︡. V.</subfield>
    <subfield code="q">(I︠U︡riĭ Vladimirovich)</subfield>
  </datafield>
  <datafield tag="400" ind1="1" ind2=" ">
    <subfield code="a">Gusarov, I︠U︡riĭ Vladimirovich</subfield>
  </datafield>
  <datafield tag="670" ind1=" " ind2=" ">
    <subfield code="a">T︠S︡ivilʹskiĭ zatvornik, 2000:</subfield>
    <subfield code="b">t.p. (I︠U︡.V. Gusarov) colophon (I︠U︡riĭ Vladimirovich Gusarov)</subfield>
  </datafield>
</record>